@book{topsort,
  author = {Cormen, Thomas H. and Leiserson, Charles E. and Rivest, Ronald L. and Stein, Clifford},
  biburl = {http://www.bibsonomy.org/bibtex/2225d42638921bee01b4ac8ff991b0a6a/pvortex3},
  edition = 2,
  interhash = {dcdeb0ec50a6798abf1724056982b543},
  intrahash = {225d42638921bee01b4ac8ff991b0a6a},
  keywords = {},
  publisher = {The {MIT} Press},
  title = {Introduction to Algorithms},
  year = 2001,

}

@misc{emacs-js,
author = {Miller, David},
title = {Setting up emacs as a JavaScript editing environment for fun and profit},
month = may,
year = {2011},
howpublished = { \url{ http://blog.deadpansincerity.com/2011/05/ } }
}

@book{redbook,
    author = {{OpenGL} and Shreiner, D. and Woo, M. and Neider, J. and Davis, T.},
    day = {01},
    howpublished = {Paperback},
    isbn = {0321335732},
    keywords = {opengl},
    month = aug,
    posted-at = {2008-02-26 23:26:00},
    priority = {0},
    publisher = {Addison-Wesley Professional},
    title = {{OpenGL Programming Guide : The Official Guide to Learning OpenGL(R), Version 2 (5th Edition)}},
    year = {2005}
}

@book{eloquent,
  title={Eloquent {JavaScript}: A Modern Introduction to Programming},
  author={Haverbeke, M.},
  isbn={9781593272821},
  lccn={2010032246},
  series={No Starch Press Series},
  url={http://books.google.co.uk/books?id=9U5I\_tskq9MC},
  year={2011},
  publisher={No Starch Press}
}

@misc{higher-order,
author = {Visscher, Sjoerd},
title = {Higher Order Programming},
month = oct,
year = {2005},
howpublished = { \url{ http://w3future.com/html/stories/hop.xml } }
}

@misc{three,
title = {Three.js},
author = {{Three.js} authors},
howpublished = { \url{ https://github.com/mrdoob/three.js/ } }
}

@misc{glow,
title = {I am {GLOW}},
author = {Emtinger, Mikael and Lassus Olov},
howpublished = { \url{ http://i-am-glow.com/ } }
}

@misc{codemirror,
title = {CodeMirror},
author = {Haverbeke, Marijn},
howpublished = { \url{ http://codemirror.net/ } }
}

@misc{webgl-spec,
title = {WebGL Specification},
author = {Marrin, Chris},
howpublished = { \url{ http://www.khronos.org/registry/webgl/specs/latest } }
}

@book{glsl-spec,
   title = "The OpenGL ES Shading Language",
   author = "Simpson, Robert J.",
   year = "2009",
   url = {http://www.khronos.org/registry/gles/specs/2.0/GLSL_ES_Specification_1.0.17.pdf}
}

@misc{webgl-future,
title = {{WebGL} and {HTML5} Challenges For The Future},
author = {Florian, Boesch},
howpublished = { \url{ http://codeflow.org/entries/2011/sep/11/webgl-and-html5-challenges-for-the-future/ }\hspace{3pt} }
}

@misc{reaction-diffusion,
title = {{WebGL} Shader Lab Reactor-Diffusion Mix},
author = "Woitzel, Felix",
howpublished = { \url{ http://cake23.de/diffusion-mix.html } }
}

@misc{jison,
title = {Jison},
author = {Carter, Zach},
howpublished = { \url{ http://zaach.github.com/jison/ } }
}

@misc{js-cc,
title = {{JS/CC} Parser Generator Project Homepage},
author = {Meyer, Jan Max},
howpublished = { \url{ http://jscc.jmksf.com/ } }
}

@misc{color,
title = {{ColorPicker} -- {jQuery} Plugin},
author = "Petre, Stefan",
howpublished = { \url{ http://www.eyecon.ro/colorpicker/ } }
}

@misc{v8,
title = {{V8} {JavaScript} Engine},
author = {{Google V8 team}},
howpublished = { \url{ http://code.google.com/p/v8/ } }
}

@misc{qunit,
title = {{qUnit}},
author = {{jQuery} contributors},
howpublished = { \url{ http://docs.jquery.com/QUnit } }
}

@misc{qunit-node,
title = {Node {qUnit}},
author = {Slobodskoi Oleg and others},
howpublished = { \url{ https://github.com/kof/node-qunit } }
}

@misc{github,
title = {{GitHub}},
author = {{GitHub} team},
howpublished = { \url{ https://github.com/ } }
}

@misc{samples,
title = {{OpenGL} samples pack},
author = {Riccio, Christophe},
howpublished = { \url{ http://www.g-truc.net/project-0026.html } }
}